<?xml version="1.0" encoding="UTF-8"?><record xmlns="http://www.loc.gov/MARC21/slim" xmlns:cinclude="http://apache.org/cocoon/include/1.0" xmlns:zs="http://www.loc.gov/zing/srw/">
  <leader>00689cz  a2200169n  4500</leader>
  <controlfield tag="001">n 2009009068</controlfield>
  <controlfield tag="003">DLC</controlfield>
  <controlfield tag="005">20090403075815.0</controlfield>
  <controlfield tag="008">090211n| acannaabn          |a aaa      </controlfield>
  <datafield tag="010" ind1=" " ind2=" ">
    <subfield code="a">n 2009009068</subfield>
  </datafield>
  <datafield tag="035" ind1=" " ind2=" ">
    <subfield code="a">(OCoLC)oca08012957</subfield>
  </datafield>
  <datafield tag="040" ind1=" " ind2=" ">
    <subfield code="a">DLC</subfield>
    <subfield code="b">eng</subfield>
    <subfield code="c">DLC</subfield>
    <subfield code="d">NjBlaOCU</subfield>
  </datafield>
  <datafield tag="100" ind1="1" ind2=" ">
    <subfield code="a">Hegde, Ganesh S.</subfield>
  </datafield>
  <datafield tag="400" ind1="1" ind2=" ">
    <subfield code="a">Hegde, G. S.</subfield>
    <subfield code="q">(Ganesh S.)</subfield>
  </datafield>
  <datafield tag="670" ind1=" " ind2=" ">
    <subfield code="a">Mechatronics, c2010:</subfield>
    <subfield code="b">CIP t.p. (G. Hegde, Ph. D.) book t.p. (Ganesh S. Hegde) cover (G.S. Hegde) p. xxi (G. Hegde)</subfield>
  </datafield>
  <datafield tag="670" ind1=" " ind2=" ">
    <subfield code="a">www.flipkart.com, Feb. 11, 2009</subfield>
    <subfield code="b">(booklist: Ganesh S. Hegde)</subfield>
  </datafield>
  <datafield tag="670" ind1=" " ind2=" ">
    <subfield code="a">R.V. College of Engineering web site, viewed Feb. 12, 2009</subfield>
    <subfield code="b">(Ganesh. S. Hegde, assistant professor of Mechanical Engineering Department)</subfield>
  </datafield>
</record>